@misc{ocr_best_practices,
  author = {{DEV Community}},
  title = {OCR Best Practices for Different Document Types},
  year = {2025},
  howpublished = {\url{https://dev.to/revisepdf/ocr-best-practices-for-different-document-types-1kgd}},
  note = {Accesso eseguito il giorno luglio 24, 2025}
}

@misc{algodocs_challenges,
  author = {{Algodocs}},
  title = {Challenges in Document Data Extraction},
  year = {2025},
  howpublished = {\url{https://www.algodocs.com/challenges-in-document-data-extraction/#:~:text=PDFs%20may%20contain%20hidden%20text,poor%20quality%20or%20inconsistent%20alignment.}},
  note = {Accesso eseguito il giorno luglio 24, 2025}
}

@misc{talonic_scanned_pdfs,
  author = {{Talonic}},
  title = {What makes scanned PDFs hard to work with and how to fix them},
  year = {2025},
  howpublished = {\url{https://www.talonic.com/blog/what-makes-scanned-pdfs-hard-to-work-with-and-how-to-fix-them}},
  note = {Accesso eseguito il giorno luglio 24, 2025}
}

@misc{ocr_historical_documents,
  author = {{DEV Community}},
  title = {OCR for Historical Documents and Unusual Fonts},
  year = {2025},
  howpublished = {\url{https://dev.to/revisepdf/ocr-for-historical-documents-and-unusual-fonts-4d5g}},
  note = {Accesso eseguito il giorno luglio 24, 2025}
}

@misc{organizeat_digitize_recipes,
  author = {{OrganizEat}},
  title = {7 Simple Ways to Digitize Old Family Recipes},
  year = {2025},
  howpublished = {\url{https://home.organizeat.com/blog/simple-ways-to-digitize-old-family-recipes/}},
  note = {Accesso eseguito il giorno luglio 24, 2025}
}

@misc{conexiom_ocr_problems,
  author = {{Conexiom}},
  title = {The 6 Biggest OCR Problems and How to Overcome Them},
  year = {2025},
  howpublished = {\url{https://conexiom.com/blog/the-6-biggest-ocr-problems-and-how-to-overcome-them}},
  note = {Accesso eseguito il giorno luglio 24, 2025}
}

@misc{amazon_science_heterogenous,
  author = {{Amazon Science}},
  title = {Information extraction from heterogenous documents without ground truth labels using synthetic label generation and knowledge distillation},
  year = {2025},
  howpublished = {\url{https://www.amazon.science/publications/information-extraction-from-heterogenous-documents-without-ground-truth-labels-using-synthetic-label-generation-and-knowledge-distillation}},
  note = {Accesso eseguito il giorno luglio 24, 2025}
}

@article{problem_solved_layout_extraction,
  author = {{arXiv}},
  title = {Problem Solved? Information Extraction Design Space for Layout-Aware Language Models},
  year = {2025},
  journal = {arXiv},
  eprint = {2502.18179},
  howpublished = {\url{https://arxiv.org/pdf/2502.18179}}
}

@article{survey_deep_learning_ocr,
  author = {{arXiv}},
  title = {A Survey of Deep Learning Approaches for OCR and Document Understanding},
  year = {2020},
  journal = {arXiv},
  eprint = {2011.13534},
  howpublished = {\url{https://arxiv.org/pdf/2011.13534}}
}

@misc{nlp_challenges,
  author = {Samuel Chazy},
  title = {Challenges and Solutions in Natural Language Processing (NLP)},
  year = {2025},
  howpublished = {\url{https://ai.plainenglish.io/challenges-and-solutions-in-natural-language-processing-nlp-f386787d9725}},
  note = {Accesso eseguito il giorno luglio 24, 2025}
}

@misc{recipe_similarity,
  author = {{ResearchGate}},
  title = {What you use, not what you do: Automatic classification and similarity detection of recipes | Request PDF},
  year = {2025},
  howpublished = {\url{https://www.researchgate.net/publication/324263512_What_you_use_not_what_you_do_Automatic_classification_and_similarity_detection_of_recipes}},
  note = {Accesso eseguito il giorno luglio 24, 2025}
}

@misc{survey_ocr_preprocessing,
  author = {{Medium}},
  title = {Survey on Image Preprocessing Techniques to Improve OCR Accuracy},
  year = {2025},
  howpublished = {\url{https://medium.com/technovators/survey-on-image-preprocessing-techniques-to-improve-ocr-accuracy-616ddb931b76}},
  note = {Accesso eseguito il giorno luglio 24, 2025}
}

@misc{docuclipper_ocr_preprocessing,
  author = {{DocuClipper}},
  title = {OCR Preprocessing: How to Improve Your OCR Data Extraction Outcome},
  year = {2025},
  howpublished = {\url{https://www.docuclipper.com/blog/ocr-preprocessing/}},
  note = {Accesso eseguito il giorno luglio 24, 2025}
}

@misc{nextgeninvent_ocr_python,
  author = {{NextGen Invent}},
  title = {7 steps of image pre-processing to improve OCR using Python},
  year = {2025},
  howpublished = {\url{https://nextgeninvent.com/blogs/7-steps-of-image-pre-processing-to-improve-ocr-using-python-2/}},
  note = {Accesso eseguito il giorno luglio 24, 2025}
}

@misc{analytics_vidhya_pdf_extraction,
  author = {{Analytics Vidhya}},
  title = {Data Extraction from Unstructured PDFs},
  year = {2021},
  howpublished = {\url{https://www.analyticsvidhya.com/blog/2021/06/data-extraction-from-unstructured-pdfs/}},
  note = {Accesso eseguito il giorno luglio 24, 2025}
}

@misc{medium_kreuzberg,
  author = {{Medium}},
  title = {Here's how I extracted content from PDF files without an API key},
  year = {2025},
  howpublished = {\url{https://medium.com/@arunabh223/heres-how-i-extracted-content-from-pdf-files-without-an-api-key-f9d25403203a}},
  note = {Accesso eseguito il giorno luglio 24, 2025}
}

@article{docpolarbert,
  author = {{arXiv}},
  title = {DocPolarBERT: A Pre-trained Model for Document Understanding with Relative Polar Coordinate Encoding of Layout Structures},
  year = {2025},
  journal = {arXiv},
  eprint = {2507.08606},
  howpublished = {\url{https://arxiv.org/pdf/2507.08606}}
}

@misc{gnn_benchmarking,
  author = {{ResearchGate}},
  title = {Benchmarking Graph Neural Networks for Document Layout Analysis in Public Affairs},
  year = {2025},
  howpublished = {\url{https://www.researchgate.net/publication/391954209_Benchmarking_Graph_Neural_Networks_for_Document_Layout_Analysis_in_Public_Affairs}},
  note = {Accesso eseguito il giorno luglio 24, 2025}
}

@misc{doc2graph,
  author = {{ResearchGate}},
  title = {Doc2Graph: A Task Agnostic Document Understanding Framework Based on Graph Neural Networks | Request PDF},
  year = {2025},
  howpublished = {\url{https://www.researchgate.net/publication/368482531_Doc2Graph_A_Task_Agnostic_Document_Understanding_Framework_Based_on_Graph_Neural_Networks}},
  note = {Accesso eseguito il giorno luglio 24, 2025}
}

@misc{gnn_document_analysis,
  author = {{Theses.cz}},
  title = {BRNO UNIVERSITY OF TECHNOLOGY GRAPH NEURAL NETWORKS FOR DOCUMENT ANALYSIS},
  year = {2025},
  howpublished = {\url{https://theses.cz/id/oml2jd/Graph_Neural_Networks_for_Document_Analysis__2_.pdf}},
  note = {Accesso eseguito il giorno luglio 24, 2025}
}

@article{docgraphlm_v1,
  author = {{arXiv}},
  title = {DocGraphLM: Documental Graph Language Model for Information Extraction},
  year = {2024},
  journal = {arXiv},
  eprint = {2401.02823v1},
  howpublished = {\url{https://arxiv.org/html/2401.02823v1}}
}

@article{docgraphlm_pdf,
  author = {{arXiv}},
  title = {DocGraphLM: Documental Graph Language Model for Information Extraction},
  year = {2024},
  journal = {arXiv},
  eprint = {2401.02823},
  howpublished = {\url{https://arxiv.org/pdf/2401.02823}}
}

@misc{semantic_chunking_multimodal,
  author = {{Multimodal}},
  title = {Semantic Chunking for RAG: Better Context, Better Results},
  year = {2025},
  howpublished = {\url{https://www.multimodal.dev/post/semantic-chunking-for-rag}},
  note = {Accesso eseguito il giorno luglio 24, 2025}
}

@misc{chunking_strategies_ibm,
  author = {{IBM}},
  title = {Chunking strategies for RAG tutorial using Granite},
  year = {2025},
  howpublished = {\url{https://www.ibm.com/think/tutorials/chunking-strategies-for-rag-with-langchain-watsonx-ai}},
  note = {Accesso eseguito il giorno luglio 24, 2025}
}

@misc{chunking_strategies_pinecone,
  author = {{Pinecone}},
  title = {Chunking Strategies for LLM Applications},
  year = {2025},
  howpublished = {\url{https://www.pinecone.io/learn/chunking-strategies/}},
  note = {Accesso eseguito il giorno luglio 24, 2025}
}

@misc{semantic_chunking_ani,
  author = {Ani},
  title = {Semantic Chunking for RAG: Unlocking Better Contextual Retrieval},
  year = {2025},
  howpublished = {\url{https://thedatafreak.medium.com/semantic-chunking-for-rag-unlocking-better-contextual-retrieval-5c13c39b42c4}},
  note = {Accesso eseguito il giorno luglio 24, 2025}
}

@misc{databricks_unstructured_data,
  author = {{Databricks}},
  title = {Build an unstructured data pipeline for RAG},
  year = {2025},
  howpublished = {\url{https://docs.databricks.com/aws/en/generative-ai/tutorials/ai-cookbook/quality-data-pipeline-rag}},
  note = {Accesso eseguito il giorno luglio 24, 2025}
}

@misc{f22_chunking_strategies,
  author = {{F22 Labs}},
  title = {7 Chunking Strategies in RAG You Need To Know},
  year = {2025},
  howpublished = {\url{https://www.f22labs.com/blogs/7-chunking-strategies-in-rag-you-need-to-know/}},
  note = {Accesso eseguito il giorno luglio 24, 2025}
}

@misc{databricks_chunking_guide,
  author = {{Medium}},
  title = {The Ultimate Guide to Chunking Strategies for RAG Applications with Databricks},
  year = {2025},
  howpublished = {\url{https://medium.com/@debusinha2009/the-ultimate-guide-to-chunking-strategies-for-rag-applications-with-databricks-e495be6c0788}},
  note = {Accesso eseguito il giorno luglio 24, 2025}
}

@misc{enhancing_rag_ibm,
  author = {{IBM Developer}},
  title = {Enhancing RAG performance with smart chunking strategies},
  year = {2025},
  howpublished = {\url{https://developer.ibm.com/articles/awb-enhancing-rag-performance-chunking-strategies/}},
  note = {Accesso eseguito il giorno luglio 24, 2025}
}

@misc{chunking_overview_kim,
  author = {Jay Kim},
  title = {A comprehensive overview of chunking strategies in RAG systems},
  year = {2025},
  howpublished = {\url{https://medium.com/@bravekjh/a-comprehensive-overview-of-chunking-strategies-in-rag-systems-024ec323d6ce}},
  note = {Accesso eseguito il giorno luglio 24, 2025}
}

@misc{metadata_aware_chunking_asimsultan,
  author = {Asimsultan},
  title = {Metadata-Aware Chunking: The Secret to Production-Ready RAG Pipelines},
  year = {2025},
  howpublished = {\url{https://medium.com/@asimsultan2/metadata-aware-chunking-the-secret-to-production-ready-rag-pipelines-85bc25b12352}},
  note = {Accesso eseguito il giorno luglio 24, 2025}
}

@misc{nvidia_chunking_strategy,
  author = {{NVIDIA Technical Blog}},
  title = {Finding the Best Chunking Strategy for Accurate AI Responses},
  year = {2025},
  howpublished = {\url{https://developer.nvidia.com/blog/finding-the-best-chunking-strategy-for-accurate-ai-responses/}},
  note = {Accesso eseguito il giorno luglio 24, 2025}
}

@misc{lettria_rag_chunking,
  author = {{Lettria}},
  title = {5 RAG Chunking Strategies for Better Retrieval-Augmented Generation},
  year = {2025},
  howpublished = {\url{https://www.lettria.com/blogpost/5-rag-chunking-strategies-for-better-retrieval-augmented-generation}},
  note = {Accesso eseguito il giorno luglio 24, 2025}
}

@misc{vectorize_metadata,
  author = {{Vectorize Docs}},
  title = {Understanding Metadata in RAG},
  year = {2025},
  howpublished = {\url{https://docs.vectorize.io/rag-pipelines/understanding-metadata/}},
  note = {Accesso eseguito il giorno luglio 24, 2025}
}

@misc{vectorize_metadata_extraction,
  author = {{Vectorize}},
  title = {Introducing Automatic Metadata Extraction: Supercharge Your RAG Pipelines with Structured Information},
  year = {2025},
  howpublished = {\url{https://vectorize.io/blog/introducing-automatic-metadata-extraction-supercharge-your-rag-pipelines-with-structured-information}},
  note = {Accesso eseguito il giorno luglio 24, 2025}
}

@misc{dataiku_rag_recipes,
  author = {{Dataiku Knowledge Base}},
  title = {Embed recipes and Retrieval Augmented Generation (RAG)},
  year = {2025},
  howpublished = {\url{https://knowledge.dataiku.com/latest/gen-ai/rag/concept-rag.html}},
  note = {Accesso eseguito il giorno luglio 24, 2025}
}

@misc{contextual_retrieval_pluralsight,
  author = {{Pluralsight}},
  title = {How to implement contextual retrieval for AI applications},
  year = {2025},
  howpublished = {\url{https://www.pluralsight.com/resources/blog/ai-and-data/how-to-implement-contextual-retrieval}},
  note = {Accesso eseguito il giorno luglio 24, 2025}
}

@misc{contextual_retrieval_mlexpert,
  author = {{MLExpert}},
  title = {Better Context for Your Rag with Contextual Retrieval},
  year = {2025},
  howpublished = {\url{https://www.mlexpert.io/blog/rag-contextual-retrieval}},
  note = {Accesso eseguito il giorno luglio 24, 2025}
}

@misc{ai_recipe_generator,
  author = {{No-Code MBA}},
  title = {How to Build an AI-Powered Recipe Generator App with No-Code Tools},
  year = {2025},
  howpublished = {\url{https://www.nocode.mba/articles/how-to-build-an-ai-powered-recipe-generator-app-with-no-code-tools}},
  note = {Accesso eseguito il giorno luglio 24, 2025}
}

@misc{recipe_app_monetize,
  author = {{MadAppGang}},
  title = {How to Plan, Make \& Monetize a Recipe App: From Idea to MVP},
  year = {2025},
  howpublished = {\url{https://madappgang.com/blog/how-to-plan-make-monetize-a-recipe-app-from-idea/}},
  note = {Accesso eseguito il giorno luglio 24, 2025}
}

@misc{reddit_optimal_chunk_size,
  author = {{Reddit}},
  title = {How to find the most optimal size for chunking documents for RAG},
  year = {2025},
  howpublished = {\url{https://www.reddit.com/r/Rag/comments/1hcpdke/how_to_find_the_most_optimal_size_for_chunking/}},
  note = {Accesso eseguito il giorno luglio 24, 2025}
}

@article{deep_learning_ner_recipes,
  author = {{arXiv}},
  title = {Deep Learning Based Named Entity Recognition Models for Recipes},
  year = {2024},
  journal = {arXiv},
  eprint = {2402.17447v1},
  howpublished = {\url{https://arxiv.org/html/2402.17447v1}}
}

@article{enhancing_food_ner_rne,
  author = {{MDPI}},
  title = {Enhancing Food Ingredient Named-Entity Recognition with Recurrent Network-Based Ensemble (RNE) Model},
  year = {2022},
  journal = {Applied Sciences},
  volume = {12},
  number = {20},
  pages = {10310},
  howpublished = {\url{https://www.mdpi.com/2076-3417/12/20/10310}}
}

@misc{ner_model_recipes,
  author = {{ResearchGate}},
  title = {A Named Entity Based Approach to Model Recipes | Request PDF},
  year = {2020},
  howpublished = {\url{https://www.researchgate.net/publication/341427440_A_Named_Entity_Based_Approach_to_Model_Recipes}},
  note = {Accesso eseguito il giorno luglio 24, 2025}
}

@misc{understanding_kg,
  author = {{Blue Brain Nexus}},
  title = {Understanding Knowledge Graphs},
  year = {2025},
  howpublished = {\url{https://bluebrainnexus.io/docs/getting-started/understanding-knowledge-graphs.html}},
  note = {Accesso eseguito il giorno luglio 24, 2025}
}

@misc{foodkg,
  author = {{FoodKG}},
  title = {FoodKG},
  year = {2025},
  howpublished = {\url{https://foodkg.github.io/}},
  note = {Accesso eseguito il giorno luglio 24, 2025}
}

@article{nutrition_kg_recommendation,
  author = {{PMC}},
  title = {Nutrition-Related Knowledge Graph Neural Network for Food Recommendation},
  year = {2024},
  journal = {PMC},
  number = {PMC11241430},
  howpublished = {\url{https://pmc.ncbi.nlm.nih.gov/articles/PMC11241430/}}
}

@misc{kg_ingredient_recommendation,
  author = {gborn},
  title = {Knowledge-Based-Recommendation-of-Food-Ingredients},
  year = {2025},
  howpublished = {\url{https://github.com/gborn/Knowledge-Based-Recommendation-of-Food-Ingredients}},
  note = {Accesso eseguito il giorno luglio 24, 2025}
}

@misc{entity_linking_wiki,
  author = {{Wikipedia}},
  title = {Entity linking},
  year = {2025},
  howpublished = {\url{https://en.wikipedia.org/wiki/Entity_linking}},
  note = {Accesso eseguito il giorno luglio 24, 2025}
}

@misc{what_is_entity_linking_ontotext,
  author = {{Ontotext}},
  title = {What is Entity Linking | Ontotext Fundamentals},
  year = {2025},
  howpublished = {\url{https://www.ontotext.com/knowledgehub/fundamentals/what-is-entity-linking/}},
  note = {Accesso eseguito il giorno luglio 24, 2025}
}

@inproceedings{kg_entity_disambiguation,
  author = {{CEUR-WS.org}},
  title = {Knowledge Graph - Our Secret Recipe for Entity Disambiguation},
  booktitle = {Proceedings of the ISWC 2022 Posters and Demos Track},
  year = {2022},
  volume = {3254},
  howpublished = {\url{https://ceur-ws.org/Vol-3254/paper397.pdf}}
}

@misc{ned_with_kg_harvard,
  author = {{Projects at Harvard}},
  title = {Named Entity Disambiguation with Knowledge Graphs},
  year = {2025},
  howpublished = {\url{https://projects.iq.harvard.edu/files/iacs2/files/kensho2_ned_boosted_with_knowledge_graphs.pdf}},
  note = {Accesso eseguito il giorno luglio 24, 2025}
}

@misc{graphrag_explained,
  author = {Zilliz},
  title = {GraphRAG Explained: Enhancing RAG with Knowledge Graphs},
  year = {2025},
  howpublished = {\url{https://medium.com/@zilliz_learn/graphrag-explained-enhancing-rag-with-knowledge-graphs-3312065f99e1}},
  note = {Accesso eseguito il giorno luglio 24, 2025}
}

@article{ingredient_substitutions_kg,
  author = {{Frontiers}},
  title = {Identifying Ingredient Substitutions Using a Knowledge Graph of Food},
  year = {2020},
  journal = {Frontiers in Artificial Intelligence},
  doi = {10.3389/frai.2020.621766},
  howpublished = {\url{https://www.frontiersin.org/journals/artificial-intelligence/articles/10.3389/frai.2020.621766/full}}
}

@article{arxiv_template,
  author = {{arXiv}},
  title = {A template for the arxiv style},
  year = {2025},
  journal = {arXiv},
  eprint = {2501.01958},
  howpublished = {\url{https://arxiv.org/pdf/2501.01958}}
}

@misc{kg_beyond_retrieval,
  author = {{QED42}},
  title = {How knowledge graphs take RAG beyond retrieval},
  year = {2025},
  howpublished = {\url{https://www.qed42.com/insights/how-knowledge-graphs-take-rag-beyond-retrieval}},
  note = {Accesso eseguito il giorno luglio 24, 2025}
}

@article{ingredient_substitutions_pmc,
  author = {{PMC}},
  title = {Identifying Ingredient Substitutions Using a Knowledge Graph of Food},
  year = {2021},
  journal = {PMC},
  number = {PMC7861309},
  howpublished = {\url{https://pmc.ncbi.nlm.nih.gov/articles/PMC7861309/}}
}

@misc{meilisearch_vector_dbs,
  author = {{Meilisearch}},
  title = {Vector search excels at finding...},
  year = {2025},
  howpublished = {\url{https://www.meilisearch.com/blog/vector-dbs-rag#:~:text=Vector%20search%20excels%20at%20finding,the%20other%20hand%2C%20prioritizes%20precision.}},
  note = {Accesso eseguito il giorno luglio 24, 2025}
}

@misc{meilisearch_no_vector_db,
  author = {{Meilisearch}},
  title = {Why you shouldn't use vector databases for RAG},
  year = {2025},
  howpublished = {\url{https://www.meilisearch.com/blog/vector-dbs-rag}},
  note = {Accesso eseguito il giorno luglio 24, 2025}
}

@misc{hybrid_search_vectorchord,
  author = {{VectorChord}},
  title = {Hybrid search with Postgres Native BM25 and VectorChord},
  year = {2025},
  howpublished = {\url{https://blog.vectorchord.ai/hybrid-search-with-postgres-native-bm25-and-vectorchord}},
  note = {Accesso eseguito il giorno luglio 24, 2025}
}

@misc{elastic_hybrid_search,
  author = {{Elastic}},
  title = {A Comprehensive Hybrid Search Guide},
  year = {2025},
  howpublished = {\url{https://www.elastic.co/what-is/hybrid-search}},
  note = {Accesso eseguito il giorno luglio 24, 2025}
}

@misc{mastering_rag_reranking,
  author = {{Galileo AI}},
  title = {Mastering RAG: How to Select A Reranking Model},
  year = {2025},
  howpublished = {\url{https://galileo.ai/blog/mastering-rag-how-to-select-a-reranking-model}},
  note = {Accesso eseguito il giorno luglio 24, 2025}
}

@misc{uptiq_rag,
  author = {{UPTIQ AI}},
  title = {RAG (Retrieval Augmented Generation)},
  year = {2025},
  howpublished = {\url{https://docs.uptiq.ai/overview-of-genai/key-concepts/rag-retrieval-augmented-generation}},
  note = {Accesso eseguito il giorno luglio 24, 2025}
}

@misc{google_hybrid_search,
  author = {{Google Cloud}},
  title = {About hybrid search | Vertex AI},
  year = {2025},
  howpublished = {\url{https://cloud.google.com/vertex-ai/docs/vector-search/about-hybrid-search}},
  note = {Accesso eseguito il giorno luglio 24, 2025}
}

@misc{weaviate_hybrid_search,
  author = {{Weaviate}},
  title = {Hybrid Search Explained},
  year = {2025},
  howpublished = {\url{https://weaviate.io/blog/hybrid-search-explained}},
  note = {Accesso eseguito il giorno luglio 24, 2025}
}

@misc{rankgpt_reranking,
  author = {{DataCamp}},
  title = {RankGPT as a Re-Ranking Agent for RAG (Tutorial)},
  year = {2025},
  howpublished = {\url{https://www.datacamp.com/tutorial/rankgpt-rag-reranking-agent}},
  note = {Accesso eseguito il giorno luglio 24, 2025}
}

@misc{reranking_mechanisms_medium,
  author = {Adnan Masood},
  title = {Re-Ranking Mechanisms in Retrieval-Augmented Generation Pipelines},
  year = {2025},
  howpublished = {\url{https://medium.com/@adnanmasood/re-ranking-mechanisms-in-retrieval-augmented-generation-pipelines-an-overview-8e24303ee789}},
  note = {Accesso eseguito il giorno luglio 24, 2025}
}

@misc{anthropic_contextual_retrieval,
  author = {{Anthropic}},
  title = {Introducing Contextual Retrieval},
  year = {2025},
  howpublished = {\url{https://www.anthropic.com/news/contextual-retrieval}},
  note = {Accesso eseguito il giorno luglio 24, 2025}
}

@misc{contextual_retrieval_somawansa,
  author = {Ravindu Somawansa},
  title = {Contextual Retrieval: a powerful RAG technique that your wallet will love},
  year = {2025},
  howpublished = {\url{https://medium.com/@ravindu.somawansa/contextual-retrieval-a-powerful-rag-technique-that-your-wallet-will-love-a663b11929b1}},
  note = {Accesso eseguito il giorno luglio 24, 2025}
}

@misc{what_is_agentic_rag_ibm,
  author = {{IBM}},
  title = {What is Agentic RAG?},
  year = {2025},
  howpublished = {\url{https://www.ibm.com/think/topics/agentic-rag}},
  note = {Accesso eseguito il giorno luglio 24, 2025}
}

@misc{agentic_rag_systems_galileo,
  author = {{Galileo AI}},
  title = {Agentic RAG Systems: Integration of Retrieval and Generation in AI Architectures},
  year = {2025},
  howpublished = {\url{https://galileo.ai/blog/agentic-rag-integration-ai-architecture}},
  note = {Accesso eseguito il giorno luglio 24, 2025}
}

@article{reasoning_rag_survey,
  author = {{arXiv}},
  title = {Reasoning RAG via System 1 or System 2: A Survey on Reasoning Agentic Retrieval-Augmented Generation for Industry Challenges},
  year = {2025},
  journal = {arXiv},
  eprint = {2506.10408v1},
  howpublished = {\url{https://arxiv.org/html/2506.10408v1}}
}

@misc{agentic_rag_workflow,
  author = {Munsif Raza},
  title = {Agentic RAG Workflow: The Future of AI Information Retrieval},
  year = {2025},
  howpublished = {\url{https://medium.com/@munsifrazaofficial/agentic-rag-workflow-the-future-of-ai-information-retrieval-ecdbf2f6695d}},
  note = {Accesso eseguito il giorno luglio 24, 2025}
}

@misc{llm_agents_guide,
  author = {{SuperAnnotate}},
  title = {LLM agents: The ultimate guide 2025},
  year = {2025},
  howpublished = {\url{https://www.superannotate.com/blog/llm-agents}},
  note = {Accesso eseguito il giorno luglio 24, 2025}
}

@misc{prompt_engineering_explained,
  author = {Tahir},
  title = {What is Prompt Engineering ?:: RAG, CoT, ReAct \& DSP Explained},
  year = {2025},
  howpublished = {\url{https://medium.com/@tahirbalarabe2/what-is-prompt-engineering-rag-cot-react-dsp-explained-0aa0a9bd0a90}},
  note = {Accesso eseguito il giorno luglio 24, 2025}
}

@misc{cot_prompting_guide,
  author = {{Prompt Engineering Guide}},
  title = {Chain-of-Thought Prompting},
  year = {2025},
  howpublished = {\url{https://www.promptingguide.ai/techniques/cot}},
  note = {Accesso eseguito il giorno luglio 24, 2025}
}

@misc{react_prompting_guide,
  author = {{Prompt Engineering Guide}},
  title = {ReAct},
  year = {2025},
  howpublished = {\url{https://www.promptingguide.ai/techniques/react}},
  note = {Accesso eseguito il giorno luglio 24, 2025}
}

@misc{dragged_into_conflicts,
  author = {{Moonlight}},
  title = {[Literature Review] DRAGged into Conflicts: Detecting and Addressing Conflicting Sources in Search-Augmented LLMs},
  year = {2025},
  howpublished = {\url{https://www.themoonlight.io/en/review/dragged-into-conflicts-detecting-and-addressing-conflicting-sources-in-search-augmented-llms}},
  note = {Accesso eseguito il giorno luglio 24, 2025}
}

@misc{milvus_contradictory_info,
  author = {{Milvus}},
  title = {What happens if the retrieval strategy returns contradictory information from different sources? How should the LLM handle it, and how do we evaluate whether it handled it correctly?},
  year = {2025},
  howpublished = {\url{https://milvus.io/ai-quick-reference/what-happens-if-the-retrieval-strategy-returns-contradictory-information-from-different-sources-how-should-the-llm-handle-it-and-how-do-we-evaluate-whether-it-handled-it-correctly}},
  note = {Accesso eseguito il giorno luglio 24, 2025}
}

@misc{beyond_traditional_finetuning,
  author = {{Hugging Face}},
  title = {Beyond Traditional Fine-tuning: Exploring Advanced Techniques to Mitigate LLM Hallucinations},
  year = {2025},
  howpublished = {\url{https://huggingface.co/blog/Imama/pr}},
  note = {Accesso eseguito il giorno luglio 24, 2025}
}

@misc{rag_prompting_guide,
  author = {{Prompt Engineering Guide}},
  title = {Retrieval Augmented Generation (RAG)},
  year = {2025},
  howpublished = {\url{https://www.promptingguide.ai/techniques/rag}},
  note = {Accesso eseguito il giorno luglio 24, 2025}
}

@misc{avoiding_hallucinations,
  author = {Frank Goortani},
  title = {Strategies, Patterns, and Methods to Avoid Hallucination in Large Language Model Responses},
  year = {2025},
  howpublished = {\url{https://medium.com/@FrankGoortani/strategies-patterns-and-methods-to-avoid-hallucination-in-large-language-model-responses-81a871987d96}},
  note = {Accesso eseguito il giorno luglio 24, 2025}
}

@misc{scaling_rag_millions,
  author = {{ApX Machine Learning}},
  title = {How to Scale RAG for Millions of Documents for Your LLM},
  year = {2025},
  howpublished = {\url{https://apxml.com/posts/scaling-rag-millions-documents}},
  note = {Accesso eseguito il giorno luglio 24, 2025}
}

@misc{vector_databases_tutorial,
  author = {{Nexla}},
  title = {Vector Databases: Tutorial, Best Practices \& Examples},
  year = {2025},
  howpublished = {\url{https://nexla.com/ai-infrastructure/vector-databases/}},
  note = {Accesso eseguito il giorno luglio 24, 2025}
}

@misc{azure_rag_index,
  author = {{Microsoft Learn}},
  title = {Tutorial: Design an index for RAG in Azure AI Search},
  year = {2025},
  howpublished = {\url{https://learn.microsoft.com/en-us/azure/search/tutorial-rag-build-solution-index-schema}},
  note = {Accesso eseguito il giorno luglio 24, 2025}
}

@misc{qdrant_vector_db,
  author = {{Qdrant}},
  title = {An Introduction to Vector Databases},
  year = {2025},
  howpublished = {\url{https://qdrant.tech/articles/what-is-a-vector-database/}},
  note = {Accesso eseguito il giorno luglio 24, 2025}
}

@misc{schemaless_graph_modeling,
  author = {{Milvus}},
  title = {What is schema-less graph data modeling?},
  year = {2025},
  howpublished = {\url{https://milvus.io/ai-quick-reference/what-is-schemaless-graph-data-modeling}},
  note = {Accesso eseguito il giorno luglio 24, 2025}
}

@misc{mongodb_flexible_schema,
  author = {{MongoDB}},
  title = {MongoDB's Flexible Schema: Unpacking The "Schemaless Database"},
  year = {2025},
  howpublished = {\url{https://www.mongodb.com/resources/basics/unstructured-data/schemaless}},
  note = {Accesso eseguito il giorno luglio 24, 2025}
}

@article{heterag,
  author = {{arXiv}},
  title = {HeteRAG: A Heterogeneous Retrieval-augmented Generation Framework with Decoupled Knowledge Representations},
  year = {2025},
  journal = {arXiv},
  eprint = {2504.10529v1},
  howpublished = {\url{https://arxiv.org/html/2504.10529v1}}
}

@misc{rag_evaluation_metrics,
  author = {{Patronus AI}},
  title = {RAG Evaluation Metrics: Best Practices for Evaluating RAG Systems},
  year = {2025},
  howpublished = {\url{https://www.patronus.ai/llm-testing/rag-evaluation-metrics}},
  note = {Accesso eseguito il giorno luglio 24, 2025}
}